

@inproceedings{monaco2015identifying,
  title={Identifying bitcoin users by transaction behavior},
  author={Monaco, John V},
  booktitle={Biometric and surveillance technology for human and activity identification XII},
  volume={9457},
  pages={25--39},
  year={2015},
  organization={SPIE}
}

@article{bonifazi2022defining,
  title={Defining user spectra to classify Ethereum users based on their behavior},
  author={Bonifazi, Gianluca and Corradini, Enrico and Ursino, Domenico and Virgili, Luca},
  journal={Journal of Big Data},
  volume={9},
  number={1},
  pages={1--39},
  year={2022},
  publisher={SpringerOpen}
}

@article{williamson2018aztec,
  title={The aztec protocol},
  author={Williamson, Zachary J},
  journal={URL: https://github. com/AztecProtocol/AZTEC},
  year={2018}
}

@inproceedings{kosba2016hawk,
  title={Hawk: The blockchain model of cryptography and privacy-preserving smart contracts},
  author={Kosba, Ahmed and Miller, Andrew and Shi, Elaine and Wen, Zikai and Papamanthou, Charalampos},
  booktitle={2016 IEEE symposium on security and privacy (SP)},
  pages={839--858},
  year={2016},
  organization={IEEE}
}

@inproceedings{bowe2020zexe,
  title={Zexe: Enabling decentralized private computation},
  author={Bowe, Sean and Chiesa, Alessandro and Green, Matthew and Miers, Ian and Mishra, Pratyush and Wu, Howard},
  booktitle={2020 IEEE Symposium on Security and Privacy (SP)},
  pages={947--964},
  year={2020},
  organization={IEEE}
}

@inproceedings{bunz2020zether,
  title={Zether: Towards privacy in a smart contract world},
  author={B{\"u}nz, Benedikt and Agrawal, Shashank and Zamani, Mahdi and Boneh, Dan},
  booktitle={International Conference on Financial Cryptography and Data Security},
  pages={423--443},
  year={2020},
  organization={Springer}
}

@article{baumann2020zkay,
  title={zkay v0. 2: Practical data privacy for smart contracts},
  author={Baumann, Nick and Steffen, Samuel and Bichsel, Benjamin and Tsankov, Petar and Vechev, Martin},
  journal={arXiv preprint arXiv:2009.01020},
  year={2020}
}

@article{yu2020mimblewimble,
  title={Mimblewimble Non-Interactive Transaction Scheme},
  author={Yu, Gary},
  journal={Cryptology ePrint Archive},
  year={2020}
}

@article{elgamal1985public,
  title={A public key cryptosystem and a signature scheme based on discrete logarithms},
  author={ElGamal, Taher},
  journal={IEEE transactions on information theory},
  volume={31},
  number={4},
  pages={469--472},
  year={1985},
  publisher={IEEE}
}

@inproceedings{camenisch2008efficient,
  title={Efficient protocols for set membership and range proofs},
  author={Camenisch, Jan and Chaabouni, Rafik and others},
  booktitle={International Conference on the Theory and Application of Cryptology and Information Security},
  pages={234--252},
  year={2008},
  organization={Springer}
}

@article{arfaoui2015practical,
  title={A practical set-membership proof for privacy-preserving NFC mobile ticketing},
  author={Arfaoui, Ghada and Lalande, Jean-Fran{\c{c}}ois and Traor{\'e}, Jacques and Desmoulins, Nicolas and Berthom{\'e}, Pascal and Gharout, Sa{\"\i}d},
  journal={arXiv preprint arXiv:1505.03048},
  year={2015}
}

@inproceedings{benarroch2021zero,
  title={Zero-knowledge proofs for set membership: efficient, succinct, modular},
  author={Benarroch, Daniel and Campanelli, Matteo and Fiore, Dario and Gurkan, Kobi and Kolonelos, Dimitris},
  booktitle={International Conference on Financial Cryptography and Data Security},
  pages={393--414},
  year={2021},
  organization={Springer}
}
@inproceedings{camenisch1997efficient,
  title={Efficient group signature schemes for large groups},
  author={Camenisch, Jan and Stadler, Markus},
  booktitle={Annual International Cryptology Conference},
  pages={410--424},
  year={1997},
  organization={Springer}
}

@article{morais2019survey,
  title={A survey on zero knowledge range proofs and applications},
  author={Morais, Eduardo and Koens, Tommy and Van Wijk, Cees and Koren, Aleksei},
  journal={SN Applied Sciences},
  volume={1},
  number={8},
  pages={1--17},
  year={2019},
  publisher={Springer}
}

@inproceedings{bunz2018bulletproofs,
  title={Bulletproofs: Short proofs for confidential transactions and more},
  author={B{\"u}nz, Benedikt and Bootle, Jonathan and Boneh, Dan and Poelstra, Andrew and Wuille, Pieter and Maxwell, Greg},
  booktitle={2018 IEEE symposium on security and privacy (SP)},
  pages={315--334},
  year={2018},
  organization={IEEE}
}

@inproceedings{boudot2000efficient,
  title={Efficient proofs that a committed number lies in an interval},
  author={Boudot, Fabrice},
  booktitle={International Conference on the Theory and Applications of Cryptographic Techniques},
  pages={431--444},
  year={2000},
  organization={Springer}
}

@inproceedings{jao2009boneh,
  title={Boneh-Boyen signatures and the strong Diffie-Hellman problem},
  author={Jao, David and Yoshida, Kayo},
  booktitle={International Conference on Pairing-Based Cryptography},
  pages={1--16},
  year={2009},
  organization={Springer}
}

@article{gabizon2019plonk,
  title={Plonk: Permutations over lagrange-bases for oecumenical noninteractive arguments of knowledge},
  author={Gabizon, Ariel and Williamson, Zachary J and Ciobotaru, Oana},
  journal={Cryptology ePrint Archive},
  year={2019}
}

@inproceedings{fujisaki1997statistical,
  title={Statistical zero knowledge protocols to prove modular polynomial relations},
  author={Fujisaki, Eiichiro and Okamoto, Tatsuaki},
  booktitle={Annual International Cryptology Conference},
  pages={16--30},
  year={1997},
  organization={Springer}
}

@inproceedings{pedersen1991non,
  title={Non-interactive and information-theoretic secure verifiable secret sharing},
  author={Pedersen, Torben Pryds},
  booktitle={Annual international cryptology conference},
  pages={129--140},
  year={1991},
  organization={Springer}
}

@misc{francca2015homomorphic,
  title={Homomorphic mini-blockchain scheme},
  author={Fran{\c{c}}a, BF},
  year={2015},
  publisher={Apr}
}

@article{
    maxwell2015borromean, 
    title={Borromean ring signatures}, 
    author={Maxwell, Gregory and Poelstra, Andrew}, 
    journal={Accessed: Jun}, 
    volume={8}, 
    pages={2019}, 
    year={2015} 
}

@article{black2014elliptic,
  title={Elliptic curve cryptography (ecc) nothing up my sleeve (nums) curves and curve generation},
  author={Black, Benjamin and Bos, Joppe W and Costello, Craig and Longa, Patrick and Naehrig, Michael},
  journal={Tech. Rep.},
  year={2014}
}

@inproceedings{chen2020pgc,
  title={PGC: Decentralized confidential payment system with auditability},
  author={Chen, Yu and Ma, Xuecheng and Tang, Cong and Au, Man Ho},
  booktitle={European Symposium on Research in Computer Security},
  pages={591--610},
  year={2020},
  organization={Springer}
}

@article{jivanyan2021mercat,
  title={MERCAT: Mediated, Encrypted, Reversible, SeCure Asset Transfers},
  author={Jivanyan, Aram and Lancaster, Jesse and Afshar, Arash and Alimi, Parnian},
  journal={Cryptology ePrint Archive},
  year={2021}
}

@inproceedings{fauzi2019quisquis,
  title={Quisquis: A new design for anonymous cryptocurrencies},
  author={Fauzi, Prastudy and Meiklejohn, Sarah and Mercer, Rebekah and Orlandi, Claudio},
  booktitle={International conference on the theory and application of cryptology and information security},
  pages={649--678},
  year={2019},
  organization={Springer}
}

@inproceedings{chaum1992wallet,
  title={Wallet databases with observers},
  author={Chaum, David and Pedersen, Torben Pryds},
  booktitle={Annual international cryptology conference},
  pages={89--105},
  year={1992},
  organization={Springer}
}

@inproceedings{Shanks1971ClassNA,
  title={Class number, a theory of factorization, and genera},
  author={Daniel Shanks},
  year={1971}
}

@article{Yu2020BlockchainSA,
  title={Blockchain Stealth Address Schemes},
  author={Gary Yu},
  journal={IACR Cryptol. ePrint Arch.},
  year={2020},
  volume={2020},
  pages={548}
}

@inproceedings{aranha2013realm,
  title={The realm of the pairings},
  author={Aranha, Diego F and Barreto, Paulo SLM and Longa, Patrick and Ricardini, Jefferson E},
  booktitle={International Conference on Selected Areas in Cryptography},
  pages={3--25},
  year={2013},
  organization={Springer}
}

@inproceedings{paterson2011joint,
  title={On the joint security of encryption and signature, revisited},
  author={Paterson, Kenneth G and Schuldt, Jacob CN and Stam, Martijn and Thomson, Susan},
  booktitle={International Conference on the Theory and Application of Cryptology and Information Security},
  pages={161--178},
  year={2011},
  organization={Springer}
}

@article{goldreich1996composition,
  title={On the composition of zero-knowledge proof systems},
  author={Goldreich, Oded and Krawczyk, Hugo},
  journal={SIAM Journal on Computing},
  volume={25},
  number={1},
  pages={169--192},
  year={1996},
  publisher={SIAM}
}

@inproceedings{courtois2017stealth,
  title={Stealth address and key management techniques in blockchain systems},
  author={Courtois, Nicolas T and Mercer, Rebekah},
  booktitle={ICISSP 2017-Proceedings of the 3rd International Conference on Information Systems Security and Privacy},
  pages={559--566},
  year={2017}
}

@inproceedings{agrawal2018non,
  title={Non-interactive zero-knowledge proofs for composite statements},
  author={Agrawal, Shashank and Ganesh, Chaya and Mohassel, Payman},
  booktitle={Annual International Cryptology Conference},
  pages={643--673},
  year={2018},
  organization={Springer}
}

@article{yin2018hotstuff,
  title={HotStuff: BFT consensus in the lens of blockchain},
  author={Yin, Maofan and Malkhi, Dahlia and Reiter, Michael K and Gueta, Guy Golan and Abraham, Ittai},
  journal={arXiv preprint arXiv:1803.05069},
  year={2018}
}


@inproceedings{10.1007/978-3-662-58820-8_4,
author = {Poelstra, Andrew and Back, Adam and Friedenbach, Mark and Maxwell, Gregory and Wuille, Pieter},
title = {Confidential Assets},
year = {2018},
isbn = {978-3-662-58819-2},
publisher = {Springer-Verlag},
address = {Berlin, Heidelberg},
url = {https://doi.org/10.1007/978-3-662-58820-8_4},
doi = {10.1007/978-3-662-58820-8_4},
abstract = {Bitcoin is an online distributed ledger in which coins are distributed according to the unspent transaction output (UTXO) set, and transactions describe changes to this set. Every UTXO has associated to it an amount and signature verification key, representing the quantity that can be spent and the entity authorized to do so, respectively.Because the ledger is distributed and publicly verifiable, every UTXO (and the history of all changes) is publicly available and may be used for analysis of all users’ payment history. Although this history is not directly linked to users in any way, it exposes enough structure that even small amounts of personally identifiable information may completely break users’ privacy. Further, the ability to trace coin history creates a market for “clean” coins, harming the fungibility of the underlying asset.In this paper we describe a scheme, confidential transactions, which blinds the amounts of all UTXOs, while preserving public verifiability that no transaction creates or destroys coins. This removes a significant amount of information from the transaction graph, improving privacy and fungibility without a trusted setup or exotic cryptographic assumptions.We further extend this to confidential assets, a scheme in which a single blockchain-based ledger may track multiple asset types. We extend confidential transactions to blind not only output amounts, but also their asset type, improving the privacy and fungibility of all assets.},
booktitle = {Financial Cryptography and Data Security: FC 2018 International Workshops, BITCOIN, VOTING, and WTSC, Nieuwpoort, Cura\c{c}ao, March 2, 2018, Revised Selected Papers},
pages = {43–63},
numpages = {21},
location = {Nieuwpoort, Cura\c{c}ao}
}
